@article{GreenR52, 
title={On semi-groups in which $x^r = x$}, 
volume={48}, DOI={10.1017/S0305004100027341}, 
number={1}, 
journal={Mathematical Proceedings of the Cambridge Philosophical Society}, 
publisher={Cambridge University Press}, 
author={Green, J. A. and Rees, D.}, 
year={1952}, 
pages={35â€“40}}